<?xml version="1.0" encoding="UTF-8"?>
<record>
  <leader>00981nam#a2200277#c#4500</leader>
  <controlfield tag="005">20210409080947.0</controlfield>
  <controlfield tag="007">tu</controlfield>
  <controlfield tag="008">120925|2013####xxk###########|||#|#eng#c</controlfield>
  <controlfield tag="003">DE-605</controlfield>
  <controlfield tag="001">990193094010206441</controlfield>
  <datafield tag="016" ind1="7" ind2=" ">
    <subfield code="a">856824698</subfield>
    <subfield code="2">OCoLC</subfield>
  </datafield>
  <datafield tag="020" ind1=" " ind2=" ">
    <subfield code="a">9780415641043</subfield>
    <subfield code="9">978-0-415-64104-3</subfield>
  </datafield>
  <datafield tag="035" ind1=" " ind2=" ">
    <subfield code="a">(DE-605)HT017398609</subfield>
  </datafield>
  <datafield tag="040" ind1=" " ind2=" ">
    <subfield code="a">294</subfield>
    <subfield code="b">ger</subfield>
    <subfield code="d">294</subfield>
    <subfield code="e">rakwb</subfield>
  </datafield>
  <datafield tag="041" ind1=" " ind2=" ">
    <subfield code="a">eng</subfield>
  </datafield>
  <datafield tag="044" ind1=" " ind2=" ">
    <subfield code="c">XA-GB</subfield>
  </datafield>
  <datafield tag="245" ind1="0" ind2="0">
    <subfield code="a">&lt;&lt;The&gt;&gt; FRBR family of conceptual models</subfield>
    <subfield code="b">toward a linked bibliographic future</subfield>
    <subfield code="c">ed. by Richard P. Smiraglia ...</subfield>
  </datafield>
  <datafield tag="264" ind1=" " ind2="1">
    <subfield code="a">London [u.a.]</subfield>
    <subfield code="b">Routledge</subfield>
    <subfield code="c">2013</subfield>
  </datafield>
  <datafield tag="300" ind1=" " ind2=" ">
    <subfield code="a">IX, 429 S. : Ill., graph. Darst.</subfield>
  </datafield>
  <datafield tag="700" ind1="1" ind2=" ">
    <subfield code="a">Smiraglia, Richard P.</subfield>
    <subfield code="d">1952-</subfield>
    <subfield code="0">(DE-588)172377897</subfield>
    <subfield code="4">edt</subfield>
  </datafield>
  <datafield tag="856" ind1="4" ind2="2">
    <subfield code="m">V:DE-604</subfield>
    <subfield code="q">application/pdf</subfield>
    <subfield code="u">http://digitale-objekte.hbz-nrw.de/storage2/2019/08/04/file_26/8646388.pdf</subfield>
    <subfield code="3">Inhaltsverzeichnis</subfield>
    <subfield code="9">O:PKN</subfield>
  </datafield>
  <datafield tag="964" ind1="0" ind2="s">
    <subfield code="F">030</subfield>
    <subfield code="A">a|1uc||||||37</subfield>
  </datafield>
  <datafield tag="964" ind1="0" ind2="s">
    <subfield code="F">050</subfield>
    <subfield code="A">a|||||||||||||</subfield>
  </datafield>
  <datafield tag="964" ind1="0" ind2="s">
    <subfield code="F">051</subfield>
    <subfield code="A">m|||||||</subfield>
  </datafield>
  <datafield tag="035" ind1=" " ind2=" ">
    <subfield code="a">(OCoLC)856824698</subfield>
  </datafield>
  <datafield tag="035" ind1=" " ind2=" ">
    <subfield code="a">(DE-599)HBZHT017398609</subfield>
  </datafield>
  <datafield tag="MBD" ind1=" " ind2=" ">
    <subfield code="M">49HBZ_NETWORK</subfield>
    <subfield code="i">990193094010206441</subfield>
    <subfield code="n">HBZ Network</subfield>
  </datafield>
  <datafield tag="MBD" ind1=" " ind2=" ">
    <subfield code="M">49HBZ_THK</subfield>
    <subfield code="i">991002920179706477</subfield>
    <subfield code="n">Technische Hochschule Köln (TH Köln)</subfield>
  </datafield>
  <datafield tag="020" ind1=" " ind2=" ">
    <subfield code="a">9780415641043</subfield>
    <subfield code="9">978-0-415-64104-3</subfield>
    <subfield code="M">49HBZ_THK</subfield>
  </datafield>
  <datafield tag="856" ind1="4" ind2="2">
    <subfield code="m">V:DE-604</subfield>
    <subfield code="q">application/pdf</subfield>
    <subfield code="u">http://digitale-objekte.hbz-nrw.de/storage2/2019/08/04/file_26/8646388.pdf</subfield>
    <subfield code="3">Inhaltsverzeichnis</subfield>
    <subfield code="9">O:PKN</subfield>
    <subfield code="M">49HBZ_THK</subfield>
  </datafield>
  <datafield tag="980" ind1="1" ind2=" ">
    <subfield code="e">HBZ</subfield>
    <subfield code="9">LOCAL</subfield>
    <subfield code="M">49HBZ_THK</subfield>
  </datafield>
  <datafield tag="981" ind1=" " ind2=" ">
    <subfield code="a">(DE-832)369505</subfield>
    <subfield code="9">LOCAL</subfield>
    <subfield code="M">49HBZ_THK</subfield>
  </datafield>
  <datafield tag="983" ind1=" " ind2=" ">
    <subfield code="b">BBV</subfield>
    <subfield code="9">LOCAL</subfield>
    <subfield code="M">49HBZ_THK</subfield>
  </datafield>
  <datafield tag="995" ind1=" " ind2=" ">
    <subfield code="c">3-0; 63</subfield>
    <subfield code="9">LOCAL</subfield>
    <subfield code="M">49HBZ_THK</subfield>
  </datafield>
  <datafield tag="997" ind1=" " ind2=" ">
    <subfield code="a">20130521</subfield>
    <subfield code="9">LOCAL</subfield>
    <subfield code="M">49HBZ_THK</subfield>
  </datafield>
  <datafield tag="MNG" ind1=" " ind2=" ">
    <subfield code="c">System</subfield>
    <subfield code="f">ILS</subfield>
    <subfield code="i">marc21</subfield>
    <subfield code="k">01</subfield>
    <subfield code="e">false</subfield>
    <subfield code="d">2021-04-09 08:09:47 Europe/Berlin</subfield>
    <subfield code="g">019309401-HBZ01</subfield>
    <subfield code="j">60</subfield>
    <subfield code="a">import</subfield>
    <subfield code="b">2021-04-06 00:42:23 Europe/Berlin</subfield>
  </datafield>
  <datafield tag="H52" ind1="8" ind2=" ">
    <subfield code="b">SUED</subfield>
    <subfield code="c">63</subfield>
    <subfield code="h">BBV1390</subfield>
    <subfield code="8">2247616500006477</subfield>
  </datafield>
  <datafield tag="HOL" ind1=" " ind2=" ">
    <subfield code="b">2023-08-17 19:59:16</subfield>
    <subfield code="8">2247616500006477</subfield>
    <subfield code="M">49HBZ_THK</subfield>
    <subfield code="g">false</subfield>
    <subfield code="a">import</subfield>
  </datafield>
  <datafield tag="ITM" ind1=" " ind2=" ">
    <subfield code="H">2247616500006477</subfield>
    <subfield code="x">63</subfield>
    <subfield code="f">BOOK</subfield>
    <subfield code="v">63</subfield>
    <subfield code="X">AMO_CO_FIX</subfield>
    <subfield code="U">2023-08-16 12:59:00 Europe/Berlin</subfield>
    <subfield code="Y">2023-08-17 19:40:06 Europe/Berlin</subfield>
    <subfield code="h">false</subfield>
    <subfield code="n">63BBV1390</subfield>
    <subfield code="P">Notation: BBV</subfield>
    <subfield code="G">1</subfield>
    <subfield code="M">49HBZ_THK</subfield>
    <subfield code="s">1</subfield>
    <subfield code="d">8</subfield>
    <subfield code="V">import</subfield>
    <subfield code="L">HBZ01: HT017398609</subfield>
    <subfield code="b">63BBV1390</subfield>
    <subfield code="O">SISIS-Ausleihzähler Migrationsjahr: 0 | SISIS-Ausleihzähler Vor-Migrationsjahr: 0 | SISIS-Ausleihzähler vorletztes Migrationsjahr: 0 | SISIS-Vormerkzähler Migrationsjahr: 0 | SISIS-vorletztes Rückgabedatum: 2014-07-09</subfield>
    <subfield code="N">SISIS-Buchdaten-Aufnahmedatum: 2013-06-12</subfield>
    <subfield code="a">2347616480006477</subfield>
    <subfield code="c">BBV1390</subfield>
    <subfield code="W">2023-08-17 21:59:16 Europe/Berlin</subfield>
    <subfield code="u">SUED</subfield>
    <subfield code="w">SUED</subfield>
  </datafield>
</record>
